<?xml version="1.0" encoding="UTF-8"?><record xmlns="http://www.loc.gov/MARC21/slim" xmlns:cinclude="http://apache.org/cocoon/include/1.0" xmlns:zs="http://www.loc.gov/zing/srw/">
  <leader>00777cz  a2200133n  4500</leader>
  <controlfield tag="001">n  88613442 </controlfield>
  <controlfield tag="003">DLC</controlfield>
  <controlfield tag="005">19891027152552.5</controlfield>
  <controlfield tag="008">880223n| acannaab|          |n aaa |||  </controlfield>
  <datafield tag="010" ind1=" " ind2=" ">
    <subfield code="a">n  88613442 </subfield>
  </datafield>
  <datafield tag="040" ind1=" " ind2=" ">
    <subfield code="a">DLC</subfield>
    <subfield code="c">DLC</subfield>
    <subfield code="d">DLC</subfield>
  </datafield>
  <datafield tag="100" ind1="1" ind2="0">
    <subfield code="a">Lang, Johann Georg,</subfield>
    <subfield code="d">1722-1798.</subfield>
    <subfield code="t">Concertos,</subfield>
    <subfield code="m">keyboard instrument, orchestra,</subfield>
    <subfield code="r">F major</subfield>
  </datafield>
  <datafield tag="670" ind1=" " ind2=" ">
    <subfield code="a">VeselaĚ, A. Concertos for organ and orchestra [SR] p1985:</subfield>
    <subfield code="b">label (Concerto no. 6 in F major) container (1775 ed. pub. by Longman, Lukey and Co., London, misattributed this work as no. 6 in F major by Johann Stamitz; for harpsichord, organ, or pianoforte)</subfield>
  </datafield>
  <datafield tag="670" ind1=" " ind2=" ">
    <subfield code="a">New Grove</subfield>
    <subfield code="b">(under: Stamitz, Johann: Concertos, keyboard; no. 6 by J.G. Lang [i.e. concerto formerly attributed to Stamitz as his 6th keyboard concerto is now attributed to Lang])</subfield>
  </datafield>
</record>